<?xml version="1.0" encoding="UTF-8"?><collection xmlns="http://www.loc.gov/MARC21/slim"><record><leader>00545nam--2200193-i-4500</leader><controlfield tag="001">000020130</controlfield><controlfield tag="002">20161230</controlfield><controlfield tag="005">20161230201033</controlfield><controlfield tag="008">060222s1000------------r-----000-0-rum-d</controlfield><datafield ind1=" " ind2=" " tag="040"><subfield code="a">IFIN-HH</subfield></datafield><datafield ind1=" " ind2=" " tag="041"><subfield code="a">rum</subfield></datafield><datafield ind1=" " ind2=" " tag="080"><subfield code="a">537.311.322</subfield></datafield><datafield ind1="1" ind2=" " tag="100"><subfield code="a">Constantinescu, C</subfield></datafield><datafield ind1="1" ind2="0" tag="245"><subfield code="a">Stari locale in semiconductori</subfield><subfield code="b">Prefata de acad.prof. e. badarau</subfield><subfield code="c">C. constantinescu, a. glodeanu</subfield></datafield><datafield ind1=" " ind2=" " tag="260"><subfield code="a">Bucuresti</subfield><subfield code="b">Editura Academiei Rsr</subfield><subfield code="c">1967</subfield></datafield><datafield ind1=" " ind2=" " tag="300"><subfield code="a">434 P</subfield></datafield><datafield ind1="1" ind2=" " tag="700"><subfield code="a">Glodeanu, A</subfield></datafield><datafield ind1=" " ind2=" " tag="852"><subfield code="a">45744</subfield><subfield code="c">537.311.33</subfield></datafield><datafield ind1=" " ind2=" " tag="CAT"><subfield code="a">Sys</subfield><subfield code="c">20110725</subfield><subfield code="h">123147</subfield></datafield></record></collection>